<?xml version='1.0' encoding='UTF-8'?>
<record xmlns="http://www.loc.gov/MARC21/slim">
  <leader>01121cam a22003255  4500</leader>
  <controlfield tag="001">2788197</controlfield>
  <controlfield tag="003">NjP</controlfield>
  <controlfield tag="005">20160920090232.0</controlfield>
  <controlfield tag="008">991121s1945    ir            000 0 ara d</controlfield>
  <datafield tag="024" ind1="7" ind2=" ">
    <subfield code="a">princeton_aco001528</subfield>
    <subfield code="2">local</subfield>
  </datafield>
  <datafield ind1=" " ind2=" " tag="035">
    <subfield code="a">(OCoLC)ocn178696646</subfield>
  </datafield>
  <datafield ind1=" " ind2=" " tag="035">
    <subfield code="a">(OCoLC)ocm42866734</subfield>
  </datafield>
  <datafield ind1=" " ind2=" " tag="040">
    <subfield code="a">PUL</subfield>
    <subfield code="c">PUL</subfield>
    <subfield code="d">PUL</subfield>
  </datafield>
  <datafield ind1=" " ind2=" " tag="035">
    <subfield code="a">(OCoLC)178696646</subfield>
  </datafield>
  <datafield ind1=" " ind2=" " tag="035">
    <subfield code="9">CNJ7234TS</subfield>
  </datafield>
  <datafield ind1=" " ind2=" " tag="035">
    <subfield code="a">(NjP)2788197</subfield>
  </datafield>
  <datafield ind1="1" ind2=" " tag="041">
    <subfield code="a">per</subfield>
    <subfield code="h">ara</subfield>
  </datafield>
  <datafield ind1=" " ind2=" " tag="079">
    <subfield code="a">ocm42866734</subfield>
  </datafield>
  <datafield ind1=" " ind2=" " tag="049">
    <subfield code="a">PULL</subfield>
  </datafield>
  <datafield ind1="1" ind2=" " tag="100">
    <subfield code="6">880-01</subfield>
    <subfield code="a">Sharaf al-Dīn, ʻAbd al-Ḥusayn.</subfield>
  </datafield>
  <datafield ind1="0" ind2="0" tag="245">
    <subfield code="6">880-02</subfield>
    <subfield code="a">Munāẓarāt,</subfield>
    <subfield code="b">tarjamah-yi al-Murājaʻāt ...</subfield>
  </datafield>
  <datafield ind1=" " ind2=" " tag="260">
    <subfield code="6">880-03</subfield>
    <subfield code="a">[Tehrān]</subfield>
    <subfield code="c">1324 [1945]</subfield>
  </datafield>
  <datafield ind1=" " ind2=" " tag="300">
    <subfield code="a">493 p.</subfield>
    <subfield code="c">22 cm.</subfield>
  </datafield>
  <datafield ind1=" " ind2=" " tag="500">
    <subfield code="6">880-04</subfield>
    <subfield code="a">Translated from Arabic into Persian by Ḥaydar Qulī ibn Nūr Muḥammad Khān.</subfield>
  </datafield>
  <datafield ind1=" " ind2="0" tag="650">
    <subfield code="a">Shiites.</subfield>
  </datafield>
  <datafield ind1="1" ind2=" " tag="880">
    <subfield code="6">100-01/r</subfield>
    <subfield code="a">شرف الدين، عبد الحسين.</subfield>
  </datafield>
  <datafield ind1="0" ind2="0" tag="880">
    <subfield code="6">245-02/r</subfield>
    <subfield code="a">مناظرات،</subfield>
    <subfield code="b">ترجمهي المراجعات ...</subfield>
  </datafield>
  <datafield ind1=" " ind2=" " tag="880">
    <subfield code="6">260-03/r</subfield>
    <subfield code="a">[تهران]</subfield>
    <subfield code="c">1324 [1945]</subfield>
  </datafield>
  <datafield ind1=" " ind2=" " tag="880">
    <subfield code="6">500-04/r</subfield>
    <subfield code="a">Translated from Arabic into Persian by حيدر قلي بن نور محمد خان.</subfield>
  </datafield>
  <datafield ind1=" " ind2=" " tag="911">
    <subfield code="a">20000130</subfield>
  </datafield>
  <datafield ind1=" " ind2=" " tag="994">
    <subfield code="a">C0</subfield>
    <subfield code="b">PUL</subfield>
  </datafield>
  <datafield ind1=" " ind2=" " tag="999">
    <subfield code="a">2788197</subfield>
  </datafield>
  <datafield ind1="0" ind2=" " tag="852">
    <subfield code="0">3099161</subfield>
    <subfield code="b">nec</subfield>
    <subfield code="h">BP194</subfield>
    <subfield code="i">.S45165 1945</subfield>
  </datafield>
  <datafield ind1=" " ind2=" " tag="866">
    <subfield code="0">3099161</subfield>
    <subfield code="a">CNJ7234TS001</subfield>
  </datafield>
  <datafield ind1=" " ind2=" " tag="959">
    <subfield code="a">2003-01-06 10:34:10 -0400</subfield>
  </datafield>
</record>
